<record><leader>00000cas a22000007a 4500</leader><controlfield tag="001">41000699</controlfield><controlfield tag="008">990319d18811883sduwr ne      0    0eng d</controlfield><datafield ind1=" " ind2=" " tag="010"><subfield code="a">sn 99062849 </subfield></datafield><datafield ind1=" " ind2=" " tag="040"><subfield code="a">SXN</subfield><subfield code="b">eng</subfield><subfield code="c">SXN</subfield><subfield code="d">OCLCF</subfield><subfield code="d">OCLCO</subfield></datafield><datafield ind1="1" ind2=" " tag="029"><subfield code="a">AU@</subfield><subfield code="b">000020041733</subfield></datafield><datafield ind1=" " ind2=" " tag="042"><subfield code="a">msc</subfield></datafield><datafield ind1="0" ind2="0" tag="245"><subfield code="a">Miner County advocate.</subfield></datafield><datafield ind1=" " ind2=" " tag="260"><subfield code="a">Upper Forestburg, Miner County, D.T. [S.D.] :</subfield><subfield code="b">H.S. Douglas,</subfield><subfield code="c">1881-1883.</subfield></datafield><datafield ind1=" " ind2=" " tag="300"><subfield code="a">v.</subfield></datafield><datafield ind1=" " ind2=" " tag="310"><subfield code="a">Weekly</subfield></datafield><datafield ind1="0" ind2=" " tag="362"><subfield code="a">Vol. 1, no. 1 (Sept. 8, 1881)-v. 2, no. 34 (Apr. 26, 1883).</subfield></datafield><datafield ind1=" " ind2=" " tag="500"><subfield code="a">Name of place of publication changes to: Forestburg Junction, and later to: Forestburg.</subfield></datafield><datafield ind1=" " ind2=" " tag="530"><subfield code="a">Available on microfilm from: State Archives, South Dakota State Historical Society.</subfield></datafield><datafield ind1=" " ind2="0" tag="651"><subfield code="a">Forestburg (S.D.)</subfield><subfield code="v">Newspapers.</subfield></datafield><datafield ind1=" " ind2="0" tag="651"><subfield code="a">Sanborn County (S.D.)</subfield><subfield code="v">Newspapers.</subfield></datafield><datafield ind1=" " ind2="7" tag="655"><subfield code="a">Newspapers.</subfield><subfield code="2">fast</subfield><subfield code="0">(OCoLC)fst01423814</subfield></datafield><datafield ind1=" " ind2="7" tag="651"><subfield code="a">South Dakota</subfield><subfield code="z">Forestburg.</subfield><subfield code="2">fast</subfield><subfield code="0">(OCoLC)fst01261445</subfield></datafield><datafield ind1=" " ind2="7" tag="651"><subfield code="a">South Dakota</subfield><subfield code="z">Sanborn County.</subfield><subfield code="2">fast</subfield><subfield code="0">(OCoLC)fst01214158</subfield></datafield><datafield ind1=" " ind2=" " tag="752"><subfield code="a">United States</subfield><subfield code="b">South Dakota</subfield><subfield code="c">Sanborn</subfield><subfield code="d">Forestburg.</subfield></datafield><datafield ind1="0" ind2="0" tag="785"><subfield code="t">County advocate (Forestburg, S.D.)</subfield><subfield code="w">(DLC)sn 99062834</subfield></datafield></record>